@misc{wiki:DDA,
   author = "Wikipedia",
   title = "{Digital differential analyzer (graphics algorithm)} --- {W}ikipedia{,} The Free Encyclopedia",
   year = "2019",
   note = "[Online; accessed 12-April-2019]"
 }

@misc{wiki:Bresenham,
   author = "Wikipedia",
   title = "{Bresenham's line algorithm} --- {W}ikipedia{,} The Free Encyclopedia",
   year = "2019",
   note = "[Online; accessed 12-April-2019]"
 }

@misc{wiki:Midpoint,
   author = "Wikipedia",
   title = "{Midpoint method} --- {W}ikipedia{,} The Free Encyclopedia",
   year = "2019",
   note = "[Online; accessed 7-June-2019]"
 }

@misc{wiki:Bezier,
   author = "Wikipedia",
   title = "{Bezier curve} --- {W}ikipedia{,} The Free Encyclopedia",
   year = "2019",
   note = "[Online; accessed 7-June-2019]"
 }

@misc{wiki:BSpline,
   author = "Wikipedia",
   title = "{B-spline} --- {W}ikipedia{,} The Free Encyclopedia",
   year = "2019",
   note = "[Online; accessed 7-June-2019]"
 }

@misc{wiki:CohenSutherland,
   author = "Wikipedia",
   title = "{Cohen–Sutherland algorithm} --- {W}ikipedia{,} The Free Encyclopedia",
   year = "2019",
   note = "[Online; accessed 7-June-2019]"
 }

@misc{wiki:LiangBarsky,
   author = "Wikipedia",
   title = "{Liang–Barsky algorithm algorithm} --- {W}ikipedia{,} The Free Encyclopedia",
   year = "2019",
   note = "[Online; accessed 7-June-2019]"
 }

@online{github:libbmp,
	author = {Marc Volker Dickmann},
	title = {libbmp},
	year = "2019",
	note = {\verb|https://github.com/marc-q/libbmp|}
}

@online{qtdoc,
	author = {The Qt Company},
	title = {Qt Documentation},
	year = "2019",
	note = {\verb|https://doc.qt.io/|}
}

@online{blog:bspline,
	title = {B样条曲线（B-spline Curves）},
	year = "2019",
	url = {url},
	note = {\verb|https://blog.csdn.net/qq_40597317/article/details/81155571|}
}
